<record><leader>00000cas a2200000 a 4500</leader><controlfield tag="001">4163410</controlfield><controlfield tag="008">780823d19391979ksuwr ne      0   a0eng d</controlfield><datafield ind1=" " ind2=" " tag="010"><subfield code="a">sn 78006099 </subfield></datafield><datafield ind1=" " ind2=" " tag="040"><subfield code="a">NSD</subfield><subfield code="b">eng</subfield><subfield code="c">NSD</subfield><subfield code="d">NPT</subfield><subfield code="d">MQN</subfield><subfield code="d">OCL</subfield><subfield code="d">OCLCQ</subfield><subfield code="d">OCLCO</subfield></datafield><datafield ind1=" " ind2=" " tag="012"><subfield code="l">1</subfield><subfield code="m">d</subfield></datafield><datafield ind1="1" ind2=" " tag="022"><subfield code="a">0012-883X</subfield><subfield code="l">0012-883X</subfield><subfield code="2">1</subfield></datafield><datafield ind1=" " ind2=" " tag="042"><subfield code="a">nsdp</subfield></datafield><datafield ind1=" " ind2="0" tag="222"><subfield code="a">Eastern Kansas register</subfield></datafield><datafield ind1="0" ind2="0" tag="245"><subfield code="a">Eastern Kansas register.</subfield></datafield><datafield ind1=" " ind2=" " tag="260"><subfield code="a">Denver, Colo. :</subfield><subfield code="b">Catholic Press Society,</subfield><subfield code="c">1939-1979.</subfield></datafield><datafield ind1=" " ind2=" " tag="300"><subfield code="a">40 v. :</subfield><subfield code="b">ill. ;</subfield><subfield code="c">57 cm.</subfield></datafield><datafield ind1=" " ind2=" " tag="310"><subfield code="a">Weekly (except last week in June and last week in Dec.)</subfield><subfield code="b">Dec. 11, 1970-June 22, 1979</subfield></datafield><datafield ind1=" " ind2=" " tag="321"><subfield code="a">Weekly,</subfield><subfield code="b">June 2, 1939-Dec. 4, 1970</subfield></datafield><datafield ind1="0" ind2=" " tag="362"><subfield code="a">Vol. 1, no. 1 (June 2, 1939)-v. 62, no. 7 (June 17, 1973) ; v. 1, no. 1 (July 6, 1973)-v. 6, no. 50 (June 22, 1979).</subfield></datafield><datafield ind1=" " ind2=" " tag="500"><subfield code="a">Published in: Huntington, Ind., July 2, 1971-June 17, 1973; Kansas City, Kan., July 6, 1973-June 22, 1979.</subfield></datafield><datafield ind1=" " ind2=" " tag="500"><subfield code="a">Published by: Our Sunday visitor, July 2, 1971-June 17, 1973; Eastern Kansas Register, July 6, 1973-June 22, 1979.</subfield></datafield><datafield ind1=" " ind2=" " tag="525"><subfield code="a">Includes supplements.</subfield></datafield><datafield ind1=" " ind2=" " tag="550"><subfield code="a">"Official paper of the Diocese of Leavenworth," June 2, 1939-Aug. 15, 1947; "Official paper of the Diocese of Kansas City in Kansas," Aug. 22, 1947-June 22, 1979.</subfield></datafield><datafield ind1=" " ind2=" " tag="580"><subfield code="a">Issued with: Our Sunday visitor, Oct. 10, 1971-July 6, 1973.</subfield></datafield><datafield ind1="2" ind2=" " tag="710"><subfield code="a">Catholic Church.</subfield><subfield code="b">Archdiocese of Kansas City in Kansas.</subfield></datafield><datafield ind1=" " ind2=" " tag="752"><subfield code="a">United States</subfield><subfield code="b">Kansas</subfield><subfield code="c">Wyandotte</subfield><subfield code="d">Kansas City.</subfield></datafield><datafield ind1=" " ind2=" " tag="752"><subfield code="a">United States</subfield><subfield code="b">Colorado</subfield><subfield code="d">Denver.</subfield></datafield><datafield ind1=" " ind2=" " tag="752"><subfield code="a">United States</subfield><subfield code="b">Indiana</subfield><subfield code="d">Huntington.</subfield></datafield><datafield ind1="1" ind2=" " tag="777"><subfield code="t">Our Sunday visitor</subfield></datafield><datafield ind1="0" ind2="0" tag="785"><subfield code="t">Leaven</subfield><subfield code="w">(OCoLC)5168232</subfield></datafield><datafield ind1=" " ind2=" " tag="936"><subfield code="a">Aug. 11, 1978</subfield></datafield></record>